@article{haario2001,
  author = "Haario, Heikki and Saksman, Eero and Tamminen, Johanna",
  fjournal = "Bernoulli",
  journal = "Bernoulli",
  month = "04",
  number = "2",
  pages = "223--242",
  publisher = "Bernoulli Society for Mathematical Statistics and Probability",
  title = "An adaptive Metropolis algorithm",
  url = "http://projecteuclid.org/euclid.bj/1080222083",
  volume = "7",
  year = "2001"
}

@article{gelman1996,
  title="Efficient Metropolis jumping rules.",
  author="Gelman, A and Roberts, GO and Gilks, WR",
  year= "1996",
  jounral = "Baysian Stistics",
  publisher = "Oxford: Oxford University Press"
}

@article{roberts2009,
	author = {Gareth O. Roberts and Jeffrey S. Rosenthal},
	doi = {10.1198/jcgs.2009.06134},
	eprint = {http://dx.doi.org/10.1198/jcgs.2009.06134 },
	journal = {Journal of Computational and Graphical Statistics},
	number = {2},
	pages = {349â€“367},
	title = {Examples of Adaptive MCMC},
	url = {http://dx.doi.org/10.1198/jcgs.2009.06134},
	volume = {18},
	year = {2009}
}
